@Misc{M2,
          author = {Grayson, Daniel R. and Stillman, Michael E.},
          title = {Macaulay2, a software system for research 
                   in algebraic geometry},
          howpublished = {Available at 
              \href{http://www.math.uiuc.edu/Macaulay2/}
                   {http://www.math.uiuc.edu/Macaulay2/}}
        }

@book{eisenbud,
  title={Commutative Algebra: with a view toward algebraic geometry},
  author={Eisenbud, David},
  volume={150},
  year={1995},
  publisher={Springer}
}


@book{clo,
  title={Ideals, Varieties, and Algorithms: an introduction to computational algebraic geometry and commutative algebra. Undergraduate Texts in Mathematics},
  author={Cox, David and Little, John and Oâ€™Shea, Donal},
  publisher={Springer Verlag},
  year={1992}
}


@misc{trym2-github,
	Howpublished = {Available at \href{https://github.com/fhinkel/tryM2}{https://github.com/fhinkel/tryM2}},
	Title = {github public repository for trym2}
   }
